@Book{mann,
author = {und Horst Schiffelgen, Rainer Froriep, Heinz Mann},
title = {Einführung in die Regelungstechnik},
publisher = {Hanser},
address = {M"unchen},
year = {2009},
edition = {},
volume = {}
}

@Book{holzer,
author = {Roland Holzer},
title = {The art of awesomeness},
publisher = {HTL},
address = {Salzburg},
year = {2019},
edition = {},
volume = {}
}

@Book{ferner,
author = {Johannes Ferner},
title = {Skriptum AUT 4},
publisher = {HTL},
address = {Salzburg},
year = {2019},
edition = {},
volume = {}
}