
@Book{mann,
author = {Lucien F. Trueb, Paul Rüetschi},
title = {Batterien und Akkumulatoren – Mobile Energiequellen für heute und morgen.},
publisher = {Springer},
address = {Berlin},
year = {1998},
howpublished = "\url{https://www.chemie.de/lexikon/Lithium-Ionen-Akkumulator.html#Prinzip}",
edition = {},
volume = {}
}
