@book{python,
	author = {Dave Kuhlman},
	title = {A Python Book},
	date = {01.09.2011},
	subtitle = {eginning Python, Advanced Python, and Python Exercises},
	language = {Englisch},
	volume = {1. Auflage},
	publisher = {Platypus Global Media},
	location = {Vereinigte Staaten},
	isbn = {978-0984221233},
	chapter = {Section 1.1},
	url = {https://web.archive.org/web/20120623165941/http://cutter.rexx.com/~dkuhlman/python_book_01.html},
	urldate = {23.06.2012},
}

