%Kühlung

@online{Kuehlung1,
author = {Frank Pobell},
title = {Möglichst nahe am absoluten Nullpunkt},
year = {2008},
url = {https://www.weltderphysik.de/gebiet/materie/analyse-von-materialien/kuehlung/},
organization = {welt der physik},
urldate = {21.03.2021},
}

@Book{Kuehlung2,
author = {Karlheinz Blankenbach},
title = {Wärmelehre},
publisher = {Hochschule Pforzheim},
address = {Pforzheim},
year = {2014},
url = {http://eitidaten.fh-pforzheim.de/daten/mitarbeiter/blankenbach/vorlesungen/physik_1/Physik_Bla_WAERMELEHRE.pdf}
}

%Wasserkühlung

@online{Wasserkuehlung,
author = {Hans J Leyhausen} 
author = {Johannes Wiesinger},
title = {Die Flüssigkeitskühlung},
year = {2019},
url = {https://www.kfztech.de/kfztechnik/motor/kuehlung/wasserkuehlung.htm},
organization = {kfztech.de},
urldate = {21.03.2021},
}

%Luftkühlung

@Book{Luftkuehlung1,
title = {Die Meisterprüfung im Kfz-Handwerk},
publisher = {Vogel Buchverlag},
year = {1991},
key = {ISBN 3-8023-0857-3},
volume = {3},
number = {Teil 1},
address = {Würzburg},
edition = {12. Auflage},
}

@Book{Luftkuehlung2,
author = {Jan Trommelmans},
title = {Das Auto und seine Technik},
publisher = {Motorbuchverlag},
year = {1992},
key = {ISBN 3-613-01288-X},
number = {Teil 1},
address = {Stuttgard},
edition = {1. Auflage},
}

%Aktive Kühlung

@online{AktiveKuehlung,
author = {Frima Merath},
title = {Elektronikkühlung – Teil 2: Entwärmung mit aktiver Kühlung},
year = {2020},
url = {https://merath.com/aktive-elektronikkuehlung},
organization = {merath},
urldate = {21.03.2020},
}

%Passive Kühlung


@online{PassiveKuehlung,
author = {Firma Merath},
title = {Kühlung von Elektronik – Teil 1: Wärmemanagement mit passiver Kühlung},
year = {2020},
url = {https://merath.com/waermemanagement-passive-kuehlung},
organization = {merath},
urldate = {21.03.2021},
}

%Schutzarten

@Book{IPSchutzarten,
author = {Ing. Sigurd Seyr Ing. Günther Rösch Ing. Hansjörg Praxmarer},
title = {Elektroinstallation - Blitzschutz - Lichttechnik},
publisher = {Jugend und Volk Westermann},
year = {2016},
key = {ISBN 978-3-7100-3509-8},
address = {Wien},
edition = {1004. Auflage},
}
