@book{python,
	author = {Dave Kuhlman},
	title = {A Python Book},
	date = {01.09.2011},
	subtitle = {eginning Python, Advanced Python, and Python Exercises},
	language = {Englisch},
	volume = {1. Auflage},
	publisher = {Platypus Global Media},
	location = {Vereinigte Staaten},
	isbn = {978-0984221233},
	chapter = {Section 1.1},
	url = {https://web.archive.org/web/20120623165941/http://cutter.rexx.com/~dkuhlman/python_book_01.html},
	urldate = {23.06.2012},
}

@article{javascript,
	author = {Netscape Communications},
	title = {Netscape and Sun announce JavaScript, the open, cross-platform object scripting language for enterprise networks and the internet},
	journaltitle = {Netscape Company Relations},
	date = {04.12.1995},
	subtitle = {28 industrie-leading companies to endorse JavaScript as a complement to Java for easy online application development},
	language = {Englisch},
	url = {https://web.archive.org/web/20070916144913/http://wp.netscape.com/newsref/pr/newsrelease67.html},
	urldate = {16.09.2007},

}

@book{can,
	author = {Wilfried Voss},
	title = {Controller Area Network Prototyping with Arduino},
	date = {2014},
	language = {Englisch},
	publisher = {Copperhill Technologies Corporation},
	location = {Vereinigte Staaten},
	isbn = {978-1-938581-17-5},
	url = {https://books.google.at/books/about/Controller_Area_Network_Prototyping_With.html?id=GbJdCAAAQBAJ&printsec=frontcover&source=kp_read_button&redir_esc=y#v=onepage&q&f=false},
	urldate = {05.04.2021},
}


@online{spi,
	author = {Corelis},
	title = {SPI Tutorial},
	date = {05.04.2021},
	url = {https://www.corelis.com/education/tutorials/spi-tutorial/#What_is_SPI},
	language = {Englisch},
	organization = {EWA GmbH},
}
